@article{einstein,
    author =       "Albert Einstein",
    title =        "{Zur Elektrodynamik bewegter K{\"o}rper}. ({German})
        [{On} the electrodynamics of moving bodies]",
    journal =      "Annalen der Physik",
    volume =       "322",
    number =       "10",
    pages =        "891--921",
    year =         "1905",
    DOI =          "http://dx.doi.org/10.1002/andp.19053221004"
}

@book{latexcompanion,
    author    = "Michel Goossens and Frank Mittelbach and Alexander Samarin",
    title     = "The \LaTeX\ Companion",
    year      = "1993",
    publisher = "Addison-Wesley",
    address   = "Reading, Massachusetts"
}

@misc{knuthwebsite,
    author    = "Donald Knuth",
    title     = "Knuth: Computers and Typesetting",
    url       = "http://www-cs-faculty.stanford.edu/\~{}uno/abcde.html"
}

@article{Quiescence,
  title={The Evolving Philosophers Problem: Dynamic Change Management},
  author={ Kramer, J.  and  Magee, J. },
  journal={IEEE Transactions on Software Engineering},
  volume={16},
  number={11},
  pages={P.1293-1306},
  year={1990},
}

@inproceedings{1996Dynamic,
  title={Dynamic structure in software architectures},
  author={ Magee, Jeff  and  Kramer, Jeff },
  pages={3-14},
  year={1996},
}

@article{2007Tranquility,
  title={Tranquility: A Low Disruptive Alternative to Quiescence for Ensuring Safe Dynamic Updates},
  author={ Vandewoude, Yves  and  Ebraert, Peter  and  Berbers, Yolande  and  D'Hondt, Theo },
  journal={IEEE Transactions on Software Engineering},
  volume={33},
  number={12},
  pages={856-868},
  year={2007},
}

@inproceedings{Ma2011Version,
  title={Version-consistent dynamic reconfiguration of component-based distributed systems},
  author={Ma, Xiaoxing and Baresi, Luciano and Ghezzi, Carlo and Manna, Valerio Panzica La and Jian, Lu},
  booktitle={Acm Sigsoft Symposium \& the European Conference on Foundations of Software Engineering},
  year={2011},
}

@Misc{netflix-oss,
year = {2015},
note = {\url{https://netflix.github.io/}},
title = {Netflix {O}pen {S}ource {S}oftware},
author = {Netflix OSS}
}

@Misc{spring-cloud,
year = {2019},
note = {\url{https://spring.io/projects/spring-cloud}},
title = {Spring {C}loud},
author = {Spring Cloud}
}

@Misc{istio,
year = {2019},
note = {\url{https://istio.io/v1.4}},
title = {Connect, secure, control, and observe services},
author = {Istio}
}